@inproceedings{sgmf,
 author = {Voitsechov, Dani and Etsion, Yoav},
 title = {Single-graph Multiple Flows: Energy Efficient Design Alternative for GPGPUs},
 booktitle = {Proceeding of the 41st Annual International Symposium on Computer Architecuture},
 series = {ISCA '14},
 year = {2014},
} 



@article{pdg,
 author = {Ferrante, Jeanne and Ottenstein, Karl J. and Warren, Joe D.},
 title = {The Program Dependence Graph and Its Use in Optimization},
 journal = {ACM Trans. Program. Lang. Syst.},
 issue_date = {July 1987},
 volume = {9},
 number = {3},
 month = jul,
 year = {1987},
 issn = {0164-0925},
 pages = {319--349},
 numpages = {31},
 url = {http://doi.acm.org/10.1145/24039.24041},
 doi = {10.1145/24039.24041},
 acmid = {24041},
 publisher = {ACM},
 address = {New York, NY, USA},
} 


@article{glover:improved,
author = {Glover, Fred},
journal = {Management Science},
number = {4},
pages = {455--460},
title = {{Improved linear integer programming formulations of nonlinear integer problems}},
url = {http://mansci.journal.informs.org/content/22/4/455.short},
volume = {22},
year = {1975}
}

@techreport{boat-hull0,
  author="Cedric Nugteren and Henk Corporaal",
  title={A Modular and Parameterisable Classification of Algorithms},
  NUMBER =        {ESR-2011-02},
  INSTITUTION = {Eindhoven University of Technology},
 year={2011}
}

